<record><leader>00000cas a22000007a 4500</leader><controlfield tag="001">11514699</controlfield><controlfield tag="008">841220d19251936mtuwr ne      0    0eng d</controlfield><datafield ind1=" " ind2=" " tag="010"><subfield code="a">sn 84036306 </subfield></datafield><datafield ind1=" " ind2=" " tag="040"><subfield code="a">MTL</subfield><subfield code="b">eng</subfield><subfield code="c">MTL</subfield><subfield code="d">OCLCQ</subfield></datafield><datafield ind1=" " ind2=" " tag="042"><subfield code="a">msc</subfield></datafield><datafield ind1="0" ind2=" " tag="130"><subfield code="a">Chester reporter (Chester, Mont. : 1925)</subfield></datafield><datafield ind1="1" ind2="4" tag="245"><subfield code="a">The Chester reporter.</subfield></datafield><datafield ind1=" " ind2=" " tag="260"><subfield code="a">Chester, Mont. :</subfield><subfield code="b">H.O. Woare,</subfield><subfield code="c">1925-1936.</subfield></datafield><datafield ind1=" " ind2=" " tag="300"><subfield code="a">v. :</subfield><subfield code="b">ill. ;</subfield><subfield code="c">64 cm.</subfield></datafield><datafield ind1=" " ind2=" " tag="310"><subfield code="a">Weekly</subfield></datafield><datafield ind1="0" ind2=" " tag="362"><subfield code="a">Vol. 14, no. 1 (Dec. 31, 1925)-Nov. 26, 1936.</subfield></datafield><datafield ind1=" " ind2=" " tag="500"><subfield code="a">"An independent Republican newspaper."</subfield></datafield><datafield ind1=" " ind2=" " tag="500"><subfield code="a">"Official paper Liberty County," Oct. 1, 1931-June 15, 1933; Feb. 27-Nov. 26, 1936.</subfield></datafield><datafield ind1=" " ind2=" " tag="515"><subfield code="a">Numbering irregular.</subfield></datafield><datafield ind1=" " ind2=" " tag="752"><subfield code="a">United States</subfield><subfield code="b">Montana</subfield><subfield code="c">Liberty</subfield><subfield code="d">Chester.</subfield></datafield><datafield ind1="0" ind2="0" tag="780"><subfield code="t">Chester reporter and North Montana enterprise</subfield><subfield code="w">(DLC)sn 84036302</subfield></datafield><datafield ind1="0" ind2="7" tag="785"><subfield code="t">Liberty County farmer</subfield><subfield code="w">(DLC)sn 85053200</subfield></datafield><datafield ind1="0" ind2="7" tag="785"><subfield code="t">Liberty County times</subfield></datafield><datafield ind1="1" ind2=" " tag="029"><subfield code="a">AU@</subfield><subfield code="b">000025812385</subfield></datafield></record>